<?xml version="1.0" encoding="UTF-8"?>
<!--
    DataIO - Data IO
    Copyright (C) 2015 Dansk Bibliotekscenter a/s, Tempovej 7-11, DK-2750 Ballerup,
    Denmark. CVR: 15149043

    This file is part of DataIO.

    DataIO is free software: you can redistribute it and/or modify
    it under the terms of the GNU General Public License as published by
    the Free Software Foundation, either version 3 of the License, or
    (at your option) any later version.

    DataIO is distributed in the hope that it will be useful,
    but WITHOUT ANY WARRANTY; without even the implied warranty of
    MERCHANTABILITY or FITNESS FOR A PARTICULAR PURPOSE.  See the
    GNU General Public License for more details.

    You should have received a copy of the GNU General Public License
    along with DataIO.  If not, see <http://www.gnu.org/licenses/>.
-->
<marcx:record format="danMARC2" type="Bibliographic" xmlns:marcx="info:lc/xmlns/marcxchange-v1">
      <marcx:leader>00000n    2200000   4500</marcx:leader>
      <marcx:datafield tag="001" ind1="0" ind2="0">
        <marcx:subfield code="a">4 542 570 3</marcx:subfield>
        <marcx:subfield code="b">777777</marcx:subfield>
        <marcx:subfield code="c">20130704122947</marcx:subfield>
        <marcx:subfield code="d">20130704</marcx:subfield>
        <marcx:subfield code="f">a</marcx:subfield>
      </marcx:datafield>
      <marcx:datafield tag="002" ind1="0" ind2="0">
        <marcx:subfield code="b">710100</marcx:subfield>
        <marcx:subfield code="c">9 330 077 7</marcx:subfield>
        <marcx:subfield code="x">71010093300777</marcx:subfield>
      </marcx:datafield>
      <marcx:datafield tag="004" ind1="0" ind2="0">
        <marcx:subfield code="r">n</marcx:subfield>
        <marcx:subfield code="a">b</marcx:subfield>
      </marcx:datafield>
      <marcx:datafield tag="005" ind1="0" ind2="0">
        <marcx:subfield code="i">c</marcx:subfield>
        <marcx:subfield code="k">a</marcx:subfield>
      </marcx:datafield>
      <marcx:datafield tag="008" ind1="0" ind2="0">
        <marcx:subfield code="t">s</marcx:subfield>
        <marcx:subfield code="u">u</marcx:subfield>
        <marcx:subfield code="a">2003</marcx:subfield>
        <marcx:subfield code="v">0</marcx:subfield>
      </marcx:datafield>
      <marcx:datafield tag="014" ind1="0" ind2="0">
        <marcx:subfield code="a">4 542 567 3</marcx:subfield>
      </marcx:datafield>
      <marcx:datafield tag="021" ind1="0" ind2="0">
        <marcx:subfield code="a">0-7119-9376-9</marcx:subfield>
        <marcx:subfield code="n">PM 189521 R</marcx:subfield>
      </marcx:datafield>
      <marcx:datafield tag="245" ind1="0" ind2="0">
        <marcx:subfield code="G">2</marcx:subfield>
        <marcx:subfield code="g">Book 2</marcx:subfield>
        <marcx:subfield code="a">Easy - intermediate</marcx:subfield>
        <marcx:subfield code="c">a mix and match collection of 19 trio arrangements</marcx:subfield>
        <marcx:subfield code="e">[arr.] by James Power</marcx:subfield>
      </marcx:datafield>
      <marcx:datafield tag="260" ind1="0" ind2="0">
        <marcx:subfield code="c">2003</marcx:subfield>
      </marcx:datafield>
      <marcx:datafield tag="300" ind1="0" ind2="0">
        <marcx:subfield code="a">32 sider</marcx:subfield>
      </marcx:datafield>
      <marcx:datafield tag="512" ind1="0" ind2="0">
        <marcx:subfield code="a">På omslaget: Nineteen special arrangements for one, two or three flutes - or for any other combination of instruments featured in Book 2 of this series</marcx:subfield>
      </marcx:datafield>
      <marcx:datafield tag="531" ind1="0" ind2="0">
        <marcx:subfield code="a">Indhold:</marcx:subfield>
      </marcx:datafield>
      <marcx:datafield tag="666" ind1="0" ind2="0">
        <marcx:subfield code="m">kammermusik</marcx:subfield>
        <marcx:subfield code="m">folkemusik</marcx:subfield>
        <marcx:subfield code="n">instrumental</marcx:subfield>
        <marcx:subfield code="n">fløjte</marcx:subfield>
        <marcx:subfield code="n">fløjtetrio</marcx:subfield>
      </marcx:datafield>
      <marcx:datafield tag="700" ind1="0" ind2="0">
        <marcx:subfield code="a">Kenny</marcx:subfield>
        <marcx:subfield code="h">Terry</marcx:subfield>
      </marcx:datafield>
      <marcx:datafield tag="770" ind1="0" ind2="0">
        <marcx:subfield code="å">11</marcx:subfield>
        <marcx:subfield code="a">Mozart</marcx:subfield>
        <marcx:subfield code="h">Wolfgang Amadeus</marcx:subfield>
      </marcx:datafield>
      <marcx:datafield tag="770" ind1="0" ind2="0">
        <marcx:subfield code="å">12</marcx:subfield>
        <marcx:subfield code="a">Power</marcx:subfield>
        <marcx:subfield code="h">James</marcx:subfield>
      </marcx:datafield>
      <marcx:datafield tag="770" ind1="0" ind2="0">
        <marcx:subfield code="å">15</marcx:subfield>
        <marcx:subfield code="a">Tjajkovskij</marcx:subfield>
        <marcx:subfield code="h">Peïr</marcx:subfield>
      </marcx:datafield>
      <marcx:datafield tag="770" ind1="0" ind2="0">
        <marcx:subfield code="å">17</marcx:subfield>
        <marcx:subfield code="a">Beethoven</marcx:subfield>
        <marcx:subfield code="h">Ludwig van</marcx:subfield>
      </marcx:datafield>
      <marcx:datafield tag="770" ind1="0" ind2="0">
        <marcx:subfield code="å">18</marcx:subfield>
        <marcx:subfield code="a">Joplin</marcx:subfield>
        <marcx:subfield code="h">Scott</marcx:subfield>
      </marcx:datafield>
      <marcx:datafield tag="770" ind1="0" ind2="0">
        <marcx:subfield code="å">20</marcx:subfield>
        <marcx:subfield code="a">Beethoven</marcx:subfield>
        <marcx:subfield code="h">Ludwig van</marcx:subfield>
      </marcx:datafield>
      <marcx:datafield tag="770" ind1="0" ind2="0">
        <marcx:subfield code="å">23</marcx:subfield>
        <marcx:subfield code="a">Mozart</marcx:subfield>
        <marcx:subfield code="h">Wolfgang Amadeus</marcx:subfield>
      </marcx:datafield>
      <marcx:datafield tag="770" ind1="0" ind2="0">
        <marcx:subfield code="å">26</marcx:subfield>
        <marcx:subfield code="a">Strauss</marcx:subfield>
        <marcx:subfield code="h">Johann</marcx:subfield>
        <marcx:subfield code="c">f. 1804</marcx:subfield>
      </marcx:datafield>
      <marcx:datafield tag="770" ind1="0" ind2="0">
        <marcx:subfield code="å">27</marcx:subfield>
        <marcx:subfield code="a">Power</marcx:subfield>
        <marcx:subfield code="h">James</marcx:subfield>
      </marcx:datafield>
      <marcx:datafield tag="795" ind1="0" ind2="0">
        <marcx:subfield code="å">11</marcx:subfield>
        <marcx:subfield code="a">Allegro</marcx:subfield>
      </marcx:datafield>
      <marcx:datafield tag="795" ind1="0" ind2="0">
        <marcx:subfield code="å">12</marcx:subfield>
        <marcx:subfield code="a">The ¤big brass band</marcx:subfield>
      </marcx:datafield>
      <marcx:datafield tag="795" ind1="0" ind2="0">
        <marcx:subfield code="å">13</marcx:subfield>
        <marcx:subfield code="a">Bill Bailey</marcx:subfield>
      </marcx:datafield>
      <marcx:datafield tag="795" ind1="0" ind2="0">
        <marcx:subfield code="å">14</marcx:subfield>
        <marcx:subfield code="a">Buffalo gals</marcx:subfield>
      </marcx:datafield>
      <marcx:datafield tag="795" ind1="0" ind2="0">
        <marcx:subfield code="å">15</marcx:subfield>
        <marcx:subfield code="a">Svanesøen</marcx:subfield>
        <marcx:subfield code="7">(</marcx:subfield>
        <marcx:subfield code="a">De ¤små svaners dans</marcx:subfield>
        <marcx:subfield code="7">)</marcx:subfield>
      </marcx:datafield>
      <marcx:datafield tag="795" ind1="0" ind2="0">
        <marcx:subfield code="å">16</marcx:subfield>
        <marcx:subfield code="a">Ding dong merrily on high</marcx:subfield>
      </marcx:datafield>
      <marcx:datafield tag="795" ind1="0" ind2="0">
        <marcx:subfield code="å">17</marcx:subfield>
        <marcx:subfield code="a">Ecossaise</marcx:subfield>
      </marcx:datafield>
      <marcx:datafield tag="795" ind1="0" ind2="0">
        <marcx:subfield code="å">18</marcx:subfield>
        <marcx:subfield code="a">The ¤entertainer</marcx:subfield>
      </marcx:datafield>
      <marcx:datafield tag="795" ind1="0" ind2="0">
        <marcx:subfield code="å">19</marcx:subfield>
        <marcx:subfield code="a">A ¤French frolic</marcx:subfield>
      </marcx:datafield>
      <marcx:datafield tag="795" ind1="0" ind2="0">
        <marcx:subfield code="å">20</marcx:subfield>
        <marcx:subfield code="a">Für Elise, a-mol, WoO 59 (uddrag)</marcx:subfield>
      </marcx:datafield>
      <marcx:datafield tag="795" ind1="0" ind2="0">
        <marcx:subfield code="å">21</marcx:subfield>
        <marcx:subfield code="a">Grandfather's clock</marcx:subfield>
      </marcx:datafield>
      <marcx:datafield tag="795" ind1="0" ind2="0">
        <marcx:subfield code="å">22</marcx:subfield>
        <marcx:subfield code="a">Greensleves</marcx:subfield>
      </marcx:datafield>
      <marcx:datafield tag="795" ind1="0" ind2="0">
        <marcx:subfield code="å">23</marcx:subfield>
        <marcx:subfield code="a">Menuet</marcx:subfield>
      </marcx:datafield>
      <marcx:datafield tag="795" ind1="0" ind2="0">
        <marcx:subfield code="å">24</marcx:subfield>
        <marcx:subfield code="a">O come all ye faithful</marcx:subfield>
      </marcx:datafield>
      <marcx:datafield tag="795" ind1="0" ind2="0">
        <marcx:subfield code="å">25</marcx:subfield>
        <marcx:subfield code="a">Pyramids</marcx:subfield>
      </marcx:datafield>
      <marcx:datafield tag="795" ind1="0" ind2="0">
        <marcx:subfield code="å">26</marcx:subfield>
        <marcx:subfield code="a">Radetzky-march, opus 228 (uddrag)</marcx:subfield>
      </marcx:datafield>
      <marcx:datafield tag="795" ind1="0" ind2="0">
        <marcx:subfield code="å">27</marcx:subfield>
        <marcx:subfield code="a">Rag doll</marcx:subfield>
      </marcx:datafield>
      <marcx:datafield tag="795" ind1="0" ind2="0">
        <marcx:subfield code="å">28</marcx:subfield>
        <marcx:subfield code="a">Traditional tunes of Scotland</marcx:subfield>
      </marcx:datafield>
      <marcx:datafield tag="795" ind1="0" ind2="0">
        <marcx:subfield code="å">29</marcx:subfield>
        <marcx:subfield code="a">The ¤yellow rose of Texas</marcx:subfield>
      </marcx:datafield>
      <marcx:datafield tag="795" ind1="0" ind2="0">
        <marcx:subfield code="å">40</marcx:subfield>
        <marcx:subfield code="y">0</marcx:subfield>
        <marcx:subfield code="a">Dance of the little swans</marcx:subfield>
      </marcx:datafield>
    </marcx:record>